@article{andriushchenko2019large,
	title={Large peaks in the entropy of the diluted nearest-neighbor spin-ice model on the pyrochlore lattice in a [111] magnetic field},
	author={Andriushchenko, Petr and Soldatov, Konstantin and Peretyatko, Alexey and Shevchenko, Yuriy and Nefedev, Konstantin and Otsuka, Hiromi and Okabe, Yutaka},
	journal={Physical Review E},
	volume={99},
	number={2},
	pages={022138},
	year={2019},
	publisher={APS}
}

@inproceedings{nefedev2014monte,
	title={Monte Carlo simulation of lattice systems with RKKY interaction},
	author={Nefedev, KV and Belokon, VI and Kapitan, V Yu and Dyachenko, OI},
	booktitle={Journal of Physics: Conference Series},
	volume={490},
	number={1},
	pages={012163},
	year={2014},
	organization={IOP Publishing}
}

@article{shevchenko2017entropy,
	title={Entropy of diluted antiferromagnetic Ising models on frustrated lattices using the Wang-Landau method},
	author={Shevchenko, Yuriy and Nefedev, Konstantin and Okabe, Yutaka},
	journal={Physical Review E},
	volume={95},
	number={5},
	pages={052132},
	year={2017},
	publisher={APS}
}

@article{soldatov2019comparison,
	title={Comparison of diluted antiferromagnetic Ising models on frustrated lattices in a magnetic field},
	author={Soldatov, Konstantin and Peretyatko, Alexey and Andriushchenko, Petr and Nefedev, Konstantin and Okabe, Yutaka},
	journal={Physics Letters A},
	volume={383},
	number={12},
	pages={1229--1234},
	year={2019},
	publisher={Elsevier}
}

@article{makarova2021low,
	title={Low-energy states, ground states, and variable frustrations of the finite-size dipolar Cairo lattices},
	author={Makarova, Kseniia and Strongin, Vladislav and Titovets, Iuliia and Syrov, Aleksandr and Zinchenko, Ivan and Samoylov, Victor and Hofhuis, Kevin and Saccone, Michael and Makarov, Aleksandr and Farhan, Alan and others},
	journal={Physical Review E},
	volume={103},
	number={4},
	pages={042129},
	year={2021},
	publisher={APS}
}

@article{sherrington1975solvable,
	title={Solvable model of a spin-glass},
	author={Sherrington, David and Kirkpatrick, Scott},
	journal={Physical review letters},
	volume={35},
	number={26},
	pages={1792},
	year={1975},
	publisher={APS}
}

@article{newman2023proof,
	title={Proof of single-replica equivalence in short-range spin glasses},
	author={Newman, CM and Read, N and Stein, DL},
	journal={Physical Review Letters},
	volume={130},
	number={7},
	pages={077102},
	year={2023},
	publisher={APS}
}

@article{Hasenbusch2008,
	title={Multicritical Nishimori point in the phase diagram of the$\pm$J Ising model on a square lattice},
	author={Hasenbusch, Martin and Toldin, Francesco Parisen and Pelissetto, Andrea and Vicari, Ettore},
	journal={Physical Review E},
	volume={77},
	number={5},
	pages={051115},
	year={2008},
	publisher={APS}
}

@article{Mirebeau2022,
	title={Revisiting neutron studies of reentrant spin glasses: the role of small-angle scattering},
	author={Mirebeau, Isabelle and Martin, Nicolas},
	journal={Journal of Applied Crystallography},
	volume={55},
	number={5},
	pages={1173--1183},
	year={2022},
	publisher={International Union of Crystallography}
}

@article{edwards1975theory,
	title={Theory of spin glasses},
	author={Edwards, Samuel Frederick and Anderson, Phil W},
	journal={Journal of Physics F: Metal Physics},
	volume={5},
	number={5},
	pages={965},
	year={1975},
	publisher={IOP Publishing}
}

@article{Ground2010pmJ,
	title={Ground-state topology of the Edwards-Anderson$\pm$J spin glass model},
	author={Rom{\'a}, F and Risau-Gusman, S and Ramirez-Pastor, AJ and Nieto, F and Vogel, EE},
	journal={Physical Review B},
	volume={82},
	number={21},
	pages={214401},
	year={2010},
	publisher={APS}
}

@article{Correlation2005SG,
	title={Correlation length of the two-dimensional Ising spin glass with bimodal interactions},
	author={Katzgraber, Helmut G and Lee, Lik Wee},
	journal={Physical Review B},
	volume={71},
	number={13},
	pages={134404},
	year={2005},
	publisher={APS}
}

@article{Murani1974Ferr,
	title={Ferromagnet or spin glass? Magnetic ordering in Au-Fe alloys},
	author={Murani, AP},
	journal={Journal of Physics F: Metal Physics},
	volume={4},
	number={5},
	pages={757},
	year={1974},
	publisher={IOP Publishing}
}

@article{SG2000freezing,
	title={Spin-glass freezing and RKKY interactions near the metal-insulator transition in amorphous Gd-Si alloys},
	author={Hellman, F and Queen, DR and Potok, RM and Zink, BL},
	journal={Physical Review Letters},
	volume={84},
	number={23},
	pages={5411},
	year={2000},
	publisher={APS}
}

@article{Revue2015SG,
	title={Spin glasses: redux: an updated experimental/materials survey},
	author={Mydosh, JA},
	journal={Reports on Progress in Physics},
	volume={78},
	number={5},
	pages={052501},
	year={2015},
	publisher={IOP Publishing}
}

@article{Feigelman1985Hierarchical,
	title={Hierarchical structure of an Edwards-Anderson spin glass},
	author={Feigel'man, MV and others},
	journal={Soviet Journal of Experimental and Theoretical Physics},
	volume={62},
	number={2},
	pages={376},
	year={1985}
}

@article{Murani1977Spin,
	title={Spin dynamics of a binary alloy (spin glass)},
	author={Murani, AP and Tholence, JL},
	journal={Solid State Communications},
	volume={22},
	number={1},
	pages={25--28},
	year={1977},
	publisher={Elsevier}
}

@article{Deryabin1983Features,
	title={Features of the change in the specific heat in magnetic phase transitions in alloys with a mixed exchange interaction},
	author={Deryabin, AV and Rimlyand, VI and Larionov, AP},
	journal={Zh. Eksp. Teor. Fiz},
	volume={84},
	pages={2228--2234},
	year={1983}
}

@book{ziman1979models,
	title={Models of disorder: the theoretical physics of homogeneously disordered systems},
	author={Ziman, John M},
	year={1979},
	publisher={Cambridge university press}
}

@book{baxter2016exactly,
	title={Exactly solved models in statistical mechanics},
	author={Baxter, Rodney J},
	year={2016},
	publisher={Elsevier}
}

@article{binder1986spin,
	title={Spin glasses: Experimental facts, theoretical concepts, and open questions},
	author={Binder, Kurt and Young, A Peter},
	journal={Reviews of Modern physics},
	volume={58},
	number={4},
	pages={801},
	year={1986},
	publisher={APS}
}

@book{fischer1993spin,
	title={Spin glasses},
	author={Fischer, Konrad H and Hertz, John A},
	number={1},
	year={1993},
	publisher={Cambridge university press}
}

@book{young1998spin,
	title={Spin glasses and random fields},
	author={Young, A Peter},
	volume={12},
	year={1998},
	publisher={World Scientific}
}

@article{Shevchenko2017,
	title={Effect of long-and short-range interactions on the thermodynamics of dipolar spin ice},
	author={Shevchenko, Yuriy and Makarov, Aleksandr and Nefedev, Konstantin},
	journal={Physics Letters A},
	volume={381},
	number={5},
	pages={428--434},
	year={2017},
	publisher={Elsevier}
}

@article{Shevchenko2022,
	title={Order and disorder, crossovers, and phase transitions in dipolar artificial spin ice on the Cairo lattice},
	author={Shevchenko, Yuriy and Strongin, Vladislav and Kapitan, Vitalii and Soldatov, Konstantin and Makarov, Aleksandr and Padalko, Mihail and Volotovskii, Roman and Nefedev, Konstantin},
	journal={Physical Review E},
	volume={106},
	number={6},
	pages={064105},
	year={2022},
	publisher={APS}
}

@article{makarova2023,
	title={Canonical Monte Carlo multispin cluster method},
	author={Makarova, Kseniia and Makarov, Aleksandr and Strongin, Vladislav and Titovets, Iuliia and Shevchenko, Yuriy and Kapitan, Vitalii and Rybin, Alexey and Kapitan, Dmitrii and Korol, Alena and Vasiliev, Egor and others},
	journal={Journal of Computational and Applied Mathematics},
	volume={427},
	pages={115153},
	year={2023},
	publisher={Elsevier}
}

@article{Metropolis53,
	title={Equation of state calculations by fast computing machines},
	author={Metropolis, Nicholas and Rosenbluth, Arianna W and Rosenbluth, Marshall N and Teller, Augusta H and Teller, Edward},
	journal={The journal of chemical physics},
	volume={21},
	number={6},
	pages={1087--1092},
	year={1953},
	publisher={American Institute of Physics}
}

@book{cullity2011,
	title={Introduction to magnetic materials},
	author={Cullity, Bernard Dennis and Graham, Chad D},
	year={2011},
	publisher={John Wiley \& Sons}
}

@article{dietl2014,
	title={Dilute ferromagnetic semiconductors: Physics and spintronic structures},
	author={Dietl, Tomasz and Ohno, Hideo},
	journal={Reviews of Modern Physics},
	volume={86},
	number={1},
	pages={187},
	year={2014},
	publisher={APS}
}

@article{newman2000efficient,
	title={Efficient Monte Carlo algorithm and high-precision results for percolation},
	author={Newman, MEJ and Ziff, Robert M},
	journal={Physical Review Letters},
	volume={85},
	number={19},
	pages={4104},
	year={2000},
	publisher={APS}
}

@article{jacobsen2014high,
	title={High-precision percolation thresholds and Potts-model critical manifolds from graph polynomials},
	author={Jacobsen, Jesper Lykke},
	journal={Journal of Physics A: Mathematical and Theoretical},
	volume={47},
	number={13},
	pages={135001},
	year={2014},
	publisher={IOP Publishing}
}

@article{jacobsen2015critical,
	title={Critical points of Potts and O (N) models from eigenvalue identities in periodic Temperley--Lieb algebras},
	author={Jacobsen, Jesper Lykke},
	journal={Journal of Physics A: Mathematical and Theoretical},
	volume={48},
	number={45},
	pages={454003},
	year={2015},
	publisher={IOP Publishing}
}

@article{nishimori1980exact,
	title={Exact results and critical properties of the Ising model with competing interactions},
	author={Nishimori, Hidetoshi},
	journal={Journal of Physics C: Solid State Physics},
	volume={13},
	number={21},
	pages={4071},
	year={1980},
	publisher={IOP Publishing}
}

@article{takzei1984,
	title={H--T-phase diagram of concentrated FeNiCr spin glass},
	author={Takzei, GA and Kostyshin, AM and Grebenyuk, Yu P},
	journal={Fizika Tverdogo Tela},
	volume={26},
	number={9},
	pages={2722--2724},
	year={1984},
	publisher={Ioffe Institute}
}

@article{dmitriev2016,
	title={Effect of the magnetic anisotropy energy distribution of MnSb clusters on spontaneous magnetization reversal of GaMnSb thin films},
	author={Dmitriev, Aleksei Ivanovich and Filatov, Anton Aleksandrovich},
	journal={Physics of the Solid State},
	volume={58},
	pages={2005--2010},
	year={2016},
	publisher={Springer}
}

@article {belokon2006,
	author = {Belokon’, VI and Nefedev, KV and Savunov, MA},
	title = {Finite interaction range spin glass in the Ising model},
	journal = {Physics of the Solid State},
	volume = {48},
	publisher = {Springer},
	pages = {1746--1753},
	year = {2006}
}


@article{bezzub1983,
	title={Superconductivity in spin glass},
	author={Bezzub, OP and Moskalenko, Vsevolod Anatol'evich and Palistrant, Mariya Eremeevna},
	journal={Teoreticheskaya i Matematicheskaya Fizika},
	volume={55},
	number={3},
	pages={431--447},
	year={1983},
	publisher={Russian Academy of Sciences, Steklov Mathematical Institute of Russian~…}
}

@article{kor1989,
	title={Spin glasses and nonergodicity},
	author={Korenblit, I Ya and Shender, EF},
	journal={Soviet Physics Uspekhi},
	volume={32},
	number={2},
	pages={139},
	year={1989},
	publisher={IOP Publishing}
}

@article{belokon2001funk,
	title={Distribution function for random interaction fields in disordered magnets: Spin and macrospin glass},
	author={Belokon, VI and Nefedev, KV},
	journal={Journal of Experimental and Theoretical Physics},
	volume={93},
	pages={136--142},
	year={2001},
	publisher={Springer}
}

@article{makarov2019,
	title={On the numerical calculation of frustrations in the Ising model},
	author={Makarov, Aleksandr Gennadievich and Makarova, KV and Shevchenko, Yu A and Andriushchenko, Petr Dmitrievich and Kapitan, V Yu and Soldatov, Konstantin Sergeevich and Perzhu, Aleksandr Vasil'evich and Rybin, Aleksey Evgenievich and Kapitan, D Yu and Vasil’ev, EV and others},
	journal={JETP Letters},
	volume={110},
	pages={702--706},
	year={2019},
	publisher={Springer}
}

@book{Zaiman1953,
	title={Principles of the Theory of Solids},
	author={Ziman, John M},
	year={1972},
	publisher={Cambridge university press}
}

@book{katz2007mathematics,
	title={The Mathematics of Egypt, Mesopotamia, China, India, and Islam: A Sourcebook},
	author={Katz, Victor J},
	year={2007},
	publisher={Princeton University Press}
}

@article{makarova2021low,
	title={Low-energy states, ground states, and variable frustrations of the finite-size dipolar Cairo lattices},
	author={Makarova, Kseniia and Strongin, Vladislav and Titovets, Iuliia and Syrov, Aleksandr and Zinchenko, Ivan and Samoylov, Victor and Hofhuis, Kevin and Saccone, Michael and Makarov, Aleksandr and Farhan, Alan and others},
	journal={Physical Review E},
	volume={103},
	number={4},
	pages={042129},
	year={2021},
	publisher={APS}
}

@article{marinari1998critical,
	title={Critical behaviour of the four-dimensional spin glass in magnetic field},
	author={Marinari, Enzo and Naitza, Carla and Zuliani, Francesco},
	journal={Journal of Physics A: Mathematical and General},
	volume={31},
	number={30},
	pages={6355},
	year={1998},
	publisher={IOP Publishing}
}

@article{sasaki2007absence,
	title={Absence of spin glass phase in the Edwards--Anderson Ising spin glass in magnetic field},
	author={Sasaki, Munetaka and Hukushima, K and Yoshino, H and Takayama, H},
	journal={Journal of magnetism and magnetic materials},
	volume={310},
	number={2},
	pages={1514--1516},
	year={2007},
	publisher={Elsevier}
}

@article{marinari1998critical,
	title={Critical behaviour of the four-dimensional spin glass in magnetic field},
	author={Marinari, Enzo and Naitza, Carla and Zuliani, Francesco},
	journal={Journal of Physics A: Mathematical and General},
	volume={31},
	number={30},
	pages={6355},
	year={1998},
	publisher={IOP Publishing}
}

@article{krzakala2001zero,
	title={Zero-temperature responses of a 3D spin glass in a magnetic field},
	author={Krzakala, Florent and Houdayer, J{\'e}r{\^o}me and Marinari, Enzo and Martin, Olivier C and Parisi, Giorgio},
	journal={Physical Review Letters},
	volume={87},
	number={19},
	pages={197204},
	year={2001},
	publisher={APS}
}

@article{salmon2009phase,
	title={Phase diagram of the two-dimensional Ising model with random competing interactions},
	author={Salmon, Octavio R and de Sousa, J Ricardo and Nobre, Fernando D},
	journal={Physics Letters A},
	volume={373},
	number={30},
	pages={2525--2528},
	year={2009},
	publisher={Elsevier}
}

@article{yokota2006replica,
	title={Replica symmetry breaking of the Ising spin glass in the Bethe and cluster approximations},
	author={Yokota, Terufumi},
	journal={Physics Letters A},
	volume={356},
	number={6},
	pages={439--445},
	year={2006},
	publisher={Elsevier}
}

@article{krawiecki2018spin,
	title={Spin glass transition in a simple variant of the Ising model on multiplex networks},
	author={Krawiecki, Andrzej},
	journal={Physica A: Statistical Mechanics and its Applications},
	volume={506},
	pages={773--790},
	year={2018},
	publisher={Elsevier}
}

@article{nobre2000universal,
	title={On the universal behavior of two-dimensional Ising spin glasses},
	author={Nobre, Fernando D},
	journal={Physica A: Statistical Mechanics and its Applications},
	volume={280},
	number={3-4},
	pages={456--464},
	year={2000},
	publisher={Elsevier}
}

@article{albanese2024almeida,
	title={About the de Almeida--Thouless line in neural networks},
	author={Albanese, Linda and Alessandrelli, Andrea and Annibale, Alessia and Barra, Adriano},
	journal={Physica A: Statistical Mechanics and its Applications},
	volume={633},
	pages={129372},
	year={2024},
	publisher={Elsevier}
}

@article{IMAOKA199718,
	title = {Percolation transition in two-dimensional ±J Ising spin glasses},
	journal = {Physica A: Statistical Mechanics and its Applications},
	volume = {246},
	number = {1},
	pages = {18-26},
	year = {1997},
	issn = {0378-4371},
	author = {Hitoshi Imaoka and Hideo Ikeda and Yasuhiro Kasai},
	keywords = {Ising percolation, Spin glass, Monte Carlo simulations},
	abstract = {The percolation properties of geometrical clusters are investigated for the Ising spin glasses in the square and triangular lattices with the asymmetric weights of ferromagnetic and antiferomagnetic bonds. By Monte Carlo simulation, we obtain the phase diagram of the percolation transition temperature as a function of the weight of ferromagnetic bonds. At each transition temperature, we estimate the critical exponents ν and γ which agree well with those exponents belonging to the universality class of the random bond percolation except for the pure ferromagnetic case.}
}

